@article{moresco2016,
  author = {Moresco, M. et al.},
  title = {A 6\% measurement of the Hubble parameter at z~0.45: direct evidence of the epoch of cosmic re-acceleration},
  journal = {Journal of Cosmology and Astroparticle Physics},
  volume = {2016},
  number = {05},
  pages = {014},
  year = {2016},
  doi = {10.1088/1475-7516/2016/05/014}
}

@article{pantheon2018,
  author = {Scolnic, D. M. et al.},
  title = {The Complete Light-curve Sample of Spectroscopically Confirmed SNe Ia from Pan-STARRS1 and Cosmological Constraints from the Combined Pantheon Sample},
  journal = {The Astrophysical Journal},
  volume = {859},
  number = {2},
  pages = {101},
  year = {2018},
  doi = {10.3847/1538-4357/aab9bb}
}

@book{weinberg2008,
  author = {Weinberg, Steven},
  title = {Cosmology},
  publisher = {Oxford University Press},
  year = {2008}
}

@article{planck2018,
  author = {Planck Collaboration},
  title = {Planck 2018 results. VI. Cosmological parameters},
  journal = {Astronomy \& Astrophysics},
  volume = {641},
  pages = {A6},
  year = {2020},
  doi = {10.1051/0004-6361/201833910}
}
